@article{methods,
    author =       "The face recognition problem is studied. Face normalization",
    title =        "V.V. Starovoitov1, D.I Samal1, D.V. Briliuk",
    journal =      "International Review of Law, Computers \& Technology",
    volume =       "32",
    number =       "6",
    pages =        "6",
    url =       "http://citeseerx.ist.psu.edu/viewdoc/download?doi=10.1.1.87.5362&rep=rep1&type=pdf",
    year =         "2002",
}


@article{Illumation,
    Abstract = "",
    Author = "K. R. Singh and Mukesh Zaveri and M. M. Raghuwanshi",
    Journal = "A technical review",
    Pages = "9",
    Title = "Illumination and Pose Invariant Face Recognition",
    Volume = "2",
    URL = "https://www.researchgate.net/publication/266178436_Illumination_and_Pose_Invariant_Face_Recognition_A_Technical_Review",
    Year = "2010",
}

@article{pca,
    Abstract = "Appearance-based Statistical Methods for Face Recognition",
    Author = "Kresimir Delac and Mislav Grgic and Panos Liatsis",
    Journal = "review",
    Number = "4",
    Pages = "8",
    Title = "Appearance-based Statistical Methods for Face Recognition",
    Volume = "",
    URL = "http://www.vcl.fer.hr/papers_pdf/Appearance-based%20Statistical%20Methods%20for%20Face%20Recognition.pdf",
    Year = "2005",
}

@article{DeepFace,
    Abstract = "",
    Author = "Yaniv Taigman, Ming Yang, Marcâ€™Aurelio Ranzato",
    Journal = "review",
    Number = "",
    Pages = "8",
    Title = "DeepFace: Closing the Gap to Human-Level Performance in Face Verification",
    Volume = "1",
    URL = "https://www.cs.toronto.edu/~ranzato/publications/taigman_cvpr14.pdf",
    Year = "",
}

@article{9503739920140321,
    Abstract = "",
    Author = "Investor's Business, Daily",
    Journal = "Investors Business Daily",
    Number = "10612890",
    Pages = "A02",
    Title = "DeepFace recognizes faces",
    Volume = "",
    URL = "http://search.ebscohost.com/login.aspx?direct=true&db=bth&AN=95037399&site=eds-live",
    Year = "2014",
}

@article{eigen,
    Abstract = "",
    Author = "Jorge Orts",
    Journal = "",
    Number = "",
    Pages = "14",
    Title = "face Recognition Techniques",
    Volume = "ECE533",
    URL = "https://homepages.cae.wisc.edu/~ece533/project/f06/orts_rpt.pdf",
    Year = "",
}


@article{Illumination,
Abstract = "",
Author = "",
Journal = "",
Number = "",
Pages = "",
Title = "",
Volume = "",
URL = "",
Year = "",
}
